@misc{ambainis_2014, title={What Can We Do with a Quantum Computer?}, url={https://www.ias.edu/ideas/2014/ambainis-quantum-computing}, journal={Institute for Advanced Study}, publisher={Institute for Advanced Study}, author={Ambainis, Andris}, year={2014}}

@misc{quipper2,
Author = {Safat Siddiqui and Mohammed Jahirul Islam and Omar Shehab},
Title = {Five Quantum Algorithms Using Quipper},
Year = {2014},
Eprint = {arXiv:1406.4481},
}

@misc{dent_2017, title={Microsoft's new coding language is made for quantum computers}, url={https://www.engadget.com/2017/09/26/microsoft-new-coding-language-is-made-for-quantum-computers/}, journal={Engadget}, publisher={Engadget}, author={Dent, Steve}, year={2017}, month={Sep}}

@misc{kim_2017, title={Morgan {Stanley}: This next big technology trend could start the ‘fourth industrial revolution’}, url={https://www.cnbc.com/2017/08/24/morgan-stanley-this-next-big-technology-trend-could-start-the-fourth-industrial-revolution.html}, journal={CNBC}, publisher={CNBC}, author={Kim, Tae}, year={2017}, month={Aug}}

@article{knill_1996, title={Conventions for quantum pseudocode}, url={https://pdfs.semanticscholar.org/60d1/e63ca31555ec7013c5eb9a8a63788398fd14.pdf}, DOI={10.2172/366453}, journal={Los Almos National Laboratory}, author={Knill, E.}, year={1996}, month={Jun}}

@article{ouellette_2005, title={Quantum Key Distribution}, volume={10}, number={6}, journal={The Industrial Physicist}, author={Ouellette, Jennifer}, year={2005}, month={Jan}, pages={22–25}}

@misc{ibm_q, title={Quantum Computing}, url={https://www.research.ibm.com/ibm-q/}, journal={Quantum Computing - IBM Q - US}}

@inproceedings{deutsch1985,
  title={Quantum theory, the {Church-Turing} principle and the universal quantum computer},
  author={Deutsch, David},
  booktitle={Proceedings of the Royal Society of London A: Mathematical, Physical and Engineering Sciences},
  volume={400},
  number={1818},
  pages={97--117},
  year={1985},
  organization={The Royal Society}
}

@article{omer1998,
  title={A procedural formalism for quantum computing},
  author={{\"O}mer, Bernhard},
  year={1998},
  publisher={Citeseer}
}

@article{jozsa2002,
Author = {Richard Jozsa and Noah Linden},
Title = {On the role of entanglement in quantum computational speed-up},
Year = {2002},
Eprint = {arXiv:quant-ph/0201143},
Doi = {10.1098/rspa.2002.1097},
}

@misc{nannicini2017,
Author = {Giacomo Nannicini},
Title = {An Introduction to Quantum Computing, Without the Physics},
Year = {2017},
Eprint = {arXiv:1708.03684},
}

@misc{jozsa1997,
Author = {Richard Jozsa},
Title = {Entanglement and Quantum Computation},
Year = {1997},
Eprint = {arXiv:quant-ph/9707034},
}

@article{shor1995,
Author = {Peter W. Shor},
Title = {Polynomial-Time Algorithms for Prime Factorization and Discrete Logarithms on a Quantum Computer},
Year = {1995},
Eprint = {arXiv:quant-ph/9508027},
Howpublished = {SIAM J.Sci.Statist.Comput. 26 (1997) 1484},
Doi = {10.1137/S0097539795293172},
}

@article{altenkirch2004,
Author = {Thorsten Altenkirch and Jonathan Grattage},
Title = {A functional quantum programming language},
Year = {2004},
Eprint = {arXiv:quant-ph/0409065},
Howpublished = {Logic in Computer Science, 2005. Proceedings. 20th Annual IEEE
  Symposium on, 26-29 June 2005 Page(s):249 - 258},
Doi = {10.1109/LICS.2005.1},
}

@misc{liquid1,
Author = {Dave Wecker and Krysta M. Svore},
Title = {LIQUi$|>$: A Software Design Architecture and Domain-Specific Language for Quantum Computing},
Year = {2014},
Eprint = {arXiv:1402.4467},
}

@article{quipper1,
Author = {Alexander S. Green and Peter LeFanu Lumsdaine and Neil J. Ross and Peter Selinger and Benoît Valiron},
Title = {Quipper: A Scalable Quantum Programming Language},
Year = {2013},
Eprint = {arXiv:1304.3390},
Howpublished = {ACM SIGPLAN Notices 48(6):333-342, 2013},
Doi = {10.1145/2499370.2462177},
}